../../Nextcloud/knowledge-base/library.bib